<record xmlns='http://www.loc.gov/MARC21/slim'><leader>03002ctm a2200457Ia 4500</leader><controlfield tag='001'>4791284</controlfield><controlfield tag='005'>20200922161836.0</controlfield><controlfield tag='008'>060630q18001899xx ad         000 0 ara d</controlfield><datafield ind1=' ' ind2=' ' tag='035'><subfield code='a'>(OCoLC)ocm70220811</subfield></datafield><datafield ind1=' ' ind2=' ' tag='035'><subfield code='a'>4791284</subfield></datafield><datafield ind1=' ' ind2=' ' tag='040'><subfield code='a'>PUL</subfield><subfield code='c'>PUL</subfield><subfield code='e'>amremm</subfield></datafield><datafield ind1=' ' ind2=' ' tag='043'><subfield code='a'>n-us-nj</subfield></datafield><datafield ind1=' ' ind2=' ' tag='049'><subfield code='a'>PULL</subfield></datafield><datafield ind1='1' ind2=' ' tag='100'><subfield code='6'>880-01</subfield><subfield code='a'>Umawī, Yaʻīsh ibn Ibrāhīm,</subfield><subfield code='d'>active 15th century.</subfield><subfield code='0'>http://id.loc.gov/authorities/names/n82021161</subfield></datafield><datafield ind1='1' ind2='0' tag='245'><subfield code='a'>Lawāmiʻ al-taʻrīf fī maṭāliʻ al-taṣrīf ... [etc.].</subfield></datafield><datafield ind1=' ' ind2=' ' tag='260'><subfield code='c'>[18--?]</subfield></datafield><datafield ind1=' ' ind2=' ' tag='300'><subfield code='a'>62 leaves:</subfield><subfield code='b'>paper, ill. ;</subfield><subfield code='c'>211 x 152 (145 x 95) mm. bound to 217 x 165 mm.</subfield></datafield><datafield ind1=' ' ind2=' ' tag='500'><subfield code='a'>Ms. codex.</subfield></datafield><datafield ind1=' ' ind2=' ' tag='500'><subfield code='a'>Title provided by cataloger.</subfield></datafield><datafield ind1=' ' ind2=' ' tag='500'><subfield code='a'>19 lines per page. Written in medium small naskh in black ink, with use of red and yellow. Tables and diagrams (see fol. 15b, in red, yellow and black). Glazed laid paper with watermark. Table of contents by a later hand on the first flyleaf (fol. 1). Foliation in pencil using Western numerals (counting the first fly leaf as fol. 1).</subfield></datafield><datafield ind1=' ' ind2=' ' tag='500'><subfield code='a'>Inscription in Arabic script on a label pasted on the upper cover: &quot;Riyāḍiyāt 124&quot;.</subfield></datafield><datafield ind1='0' ind2=' ' tag='505'><subfield code='a'>1. fol. 2a-b: [Inscriptions ; recipes ; title &quot;Kitāb lumʻat al-taʻrīf fī maʻná al-taṣārīf&quot;].</subfield></datafield><datafield ind1='8' ind2=' ' tag='505'><subfield code='a'>2. fol. 3a-19b: Kanz al-asrār wa-dhakhīrat al-abrār / Hermes Trismegistus.</subfield></datafield><datafield ind1='8' ind2=' ' tag='505'><subfield code='a'>3. fol. 19b-26b: Lawāwiʻ al-taʻrīf fī maṭāliʻ al-taṣrīf / Yaʻīsh ibn ʻAbd Allāh al-Andalūsī [Yaʻīsh ibn Ibrāhīm al-Umawī].</subfield></datafield><datafield ind1='8' ind2=' ' tag='505'><subfield code='a'>4. fol. 27a-48b: Kitāb al-Qaṣr / Ibn Sabʻīn.</subfield></datafield><datafield ind1='8' ind2=' ' tag='505'><subfield code='a'>5. fol. 48b-61b: Sharḥ Junnat al-asmāʼ / Abū Ḥāmid al-Ghazzālī.</subfield></datafield><datafield ind1='8' ind2=' ' tag='505'><subfield code='a'>6. fol. 61b-62b: [Inscriptions ; recipes ; title &quot;Kitāb Ḥajj? Aḥmad ibn Burhān&quot;].</subfield></datafield><datafield ind1=' ' ind2=' ' tag='561'><subfield code='a'>Acquired from Abraham Shalom Yahuda, 1942.</subfield></datafield><datafield ind1=' ' ind2=' ' tag='563'><subfield code='a'>Upper and lower covers and envelope flap made of brown leather over paper pasteboards. The upper and lower covers are similarly blind tooled with a central mandorla linked by a vertical and an horizontal single fillet to the outer frame, consisting of two double-fillets. The envelope flap has the same outer frame with a blind-tooled stamp on its pointe. Yellow paper pastedowns.</subfield></datafield><datafield ind1='4' ind2=' ' tag='510'><subfield code='a'>Mach, R. Yahuda,</subfield><subfield code='c'>5173, 5181, 5197, 5199</subfield></datafield><datafield ind1=' ' ind2=' ' tag='530'><subfield code='a'>Microfilm negative available for reproduction.</subfield></datafield><datafield ind1=' ' ind2=' ' tag='541'><subfield code='c'>Gift ;</subfield><subfield code='a'>Robert Garrett, Class of 1897 ;</subfield><subfield code='d'>1942.</subfield></datafield><datafield ind1=' ' ind2='0' tag='650'><subfield code='a'>Manuscripts, Arabic</subfield><subfield code='z'>New Jersey</subfield><subfield code='z'>Princeton.</subfield></datafield><datafield ind1=' ' ind2='7' tag='655'><subfield code='a'>Manuscripts, Arabic</subfield><subfield code='y'>19th century.</subfield><subfield code='2'>lcsh</subfield></datafield><datafield ind1='0' ind2=' ' tag='774'><subfield code='t'>Sharh Junnat al-asma</subfield><subfield code='w'>4791295</subfield></datafield><datafield ind1='0' ind2=' ' tag='774'><subfield code='t'>Kitab lawami al-tarif fi matali al-tasrif / lil-shaykh al-fadil Yaish ibn Abd Allah al-Andalusi</subfield><subfield code='w'>4791297</subfield></datafield><datafield ind1='0' ind2=' ' tag='774'><subfield code='t'>Kanz al-asrar wa-dhakhirat al-abrar</subfield><subfield code='w'>4791291</subfield></datafield><datafield ind1='0' ind2=' ' tag='774'><subfield code='t'>Kitab al-Qasr / li-Ibn Sabin</subfield><subfield code='w'>4791294</subfield></datafield><datafield ind1='1' ind2=' ' tag='880'><subfield code='6'>100-01/r</subfield><subfield code='a'>اموي، يعيش بن ابراهيم</subfield></datafield><datafield ind1='4' ind2='1' tag='856'><subfield code='u'>http://arks.princeton.edu/ark:/88435/wh246s20m</subfield></datafield><datafield ind1=' ' ind2=' ' tag='902'><subfield code='a'>ceb</subfield><subfield code='b'>o</subfield><subfield code='6'>t</subfield><subfield code='7'>m</subfield><subfield code='d'>v</subfield><subfield code='f'>0</subfield><subfield code='e'>20060630</subfield></datafield><datafield ind1='8' ind2=' ' tag='852'><subfield code='0'>5002793</subfield><subfield code='b'>hsvm</subfield><subfield code='h'>Islamic Manuscripts, Garrett no. 673Y</subfield></datafield><datafield ind1='8' ind2=' ' tag='852'><subfield code='0'>9377690</subfield><subfield code='b'>elf1</subfield><subfield code='h'>Electronic Resource</subfield></datafield><datafield ind1=' ' ind2=' ' tag='959'><subfield code='a'>2006-06-30 11:04:05 +0000</subfield></datafield></record>
